<collection xmlns="http://www.loc.gov/MARC21/slim">
<record>
  <leader>01793nam0a22003011i 450 </leader>
  <controlfield tag="001">IT\ICCU\CNCE\044399</controlfield>
  <controlfield tag="005">19990119000000.0</controlfield>
  <datafield tag="012" ind1=" " ind2=" ">
    <subfield code="a">ioe- asp- nono cini (3) 1518 (A)</subfield>
    <subfield code="2">fei</subfield>
    <subfield code="9">1</subfield>
  </datafield>
  <datafield tag="012" ind1=" " ind2=" ">
    <subfield code="a">eros amla usu* fucu (3) 1518 (A)</subfield>
    <subfield code="2">fei</subfield>
    <subfield code="9">2</subfield>
  </datafield>
  <datafield tag="100" ind1=" " ind2=" ">
    <subfield code="a">19990114d1518        0itac0103    ba</subfield>
  </datafield>
  <datafield tag="101" ind1=" " ind2=" ">
    <subfield code="a">LAT</subfield>
  </datafield>
  <datafield tag="102" ind1=" " ind2=" ">
    <subfield code="a">IT</subfield>
  </datafield>
  <datafield tag="200" ind1="1" ind2=" ">
    <subfield code="a">℗Gregorius de Arimino ℗In primo \-secundo! sententiarum nuperrime impressus. Et quam diligentissime sue integritati restitutus. Per venerabilem sacre theologie bacalarium fratrem Paulum de Genazano</subfield>
  </datafield>
  <datafield tag="210" ind1=" " ind2=" ">
    <subfield code="a">(Venetijs</subfield>
    <subfield code="c">sumptibus heredum ... Octauiani Scoti Modoetiensis ac sociorum</subfield>
    <subfield code="d">8. Octobris. 1518) - 2 v. (163</subfield>
    <subfield code="d">\9!; 118</subfield>
    <subfield code="d">\4! c.)</subfield>
    <subfield code="d"></subfield>
  </datafield>
  <datafield tag="300" ind1=" " ind2=" ">
    <subfield code="a"></subfield>
  </datafield>
  <datafield tag="620" ind1=" " ind2=" ">
    <subfield code="a">IT</subfield>
    <subfield code="d">Venezia</subfield>
  </datafield>
  <datafield tag="700" ind1=" " ind2="0">
    <subfield code="a">Gregorio</subfield>
    <subfield code="c"> : da#Rimini</subfield>
    <subfield code="3">IT\ICCU\CNCA\006281</subfield>
  </datafield>
  <datafield tag="702" ind1=" " ind2="0">
    <subfield code="a">Paolo</subfield>
    <subfield code="c"> : da#Genazzano</subfield>
    <subfield code="3">IT\ICCU\CNCA\005719</subfield>
  </datafield>
  <datafield tag="712" ind1="0" ind2="0">
    <subfield code="a">Scoto, Ottaviano &lt;1.&gt; - eredi &amp; C.</subfield>
    <subfield code="3">IT\ICCU\CNCT\002931</subfield>
    <subfield code="4">650</subfield>
  </datafield>
  <datafield tag="790" ind1=" " ind2="0">
    <subfield code="a">Gregorius</subfield>
    <subfield code="c"> : Ariminensis</subfield>
    <subfield code="3">IT\ICCU\CNCA\019683</subfield>
    <subfield code="z">Gregorio : da#Rimini</subfield>
  </datafield>
  <datafield tag="790" ind1=" " ind2="0">
    <subfield code="a">Paulus</subfield>
    <subfield code="c"> : de#Genazzano</subfield>
    <subfield code="3">IT\ICCU\CNCA\024326</subfield>
    <subfield code="z">Paolo : da#Genazzano</subfield>
  </datafield>
  <datafield tag="790" ind1=" " ind2="1">
    <subfield code="a">Genestano,</subfield>
    <subfield code="b">Paulus : de</subfield>
    <subfield code="3">IT\ICCU\CNCA\024327</subfield>
    <subfield code="z">Paolo : da#Genazzano</subfield>
  </datafield>
  <datafield tag="790" ind1=" " ind2="1">
    <subfield code="a">Genazzano,</subfield>
    <subfield code="b">Paulus : de</subfield>
    <subfield code="3">IT\ICCU\CNCA\024328</subfield>
    <subfield code="z">Paolo : da#Genazzano</subfield>
  </datafield>
  <datafield tag="801" ind1=" " ind2="3">
    <subfield code="a">IT</subfield>
    <subfield code="b">ICCU</subfield>
    <subfield code="c">20201114</subfield>
  </datafield>
  <datafield tag="899" ind1=" " ind2=" ">
    <subfield code="a">Biblioteca nazionale centrale. Roma</subfield>
    <subfield code="1">RM0267</subfield>
    <subfield code="2">BVE CR</subfield>
  </datafield>
  <datafield tag="899" ind1=" " ind2=" ">
    <subfield code="a">Biblioteca universitaria Alessandrina. Roma</subfield>
    <subfield code="1">RM0280</subfield>
    <subfield code="2">RML 01</subfield>
  </datafield>
  <datafield tag="911" ind1=" " ind2=" ">
    <subfield code="a">Alle c. y6r. e 2p10r.</subfield>
    <subfield code="9">IT\ICCU\CNCM\000019</subfield>
  </datafield>
  <datafield tag="921" ind1=" " ind2=" ">
    <subfield code="a">IT\ICCU\CNCM\000019</subfield>
    <subfield code="b">Cerchio con croce doppia e iniziali O.S.M. Intorno fregi floreali</subfield>
    <subfield code="c">A101</subfield>
    <subfield code="c">V466</subfield>
    <subfield code="c">Z297</subfield>
    <subfield code="d">7x8</subfield>
    <subfield code="f">CROCE</subfield>
    <subfield code="f">LORENA</subfield>
    <subfield code="f">OSM</subfield>
    <subfield code="g">1507-1550</subfield>
  </datafield>
</record>
</collection>
